@misc{GeeksforGeeksBubble,
 title   ={Geeks for Geeks - a computer science portal for geeks},
 url     ={https://www.geeksforgeeks.org/bubble-sort/},
 organization={Geeks for Geeks},
 urlaccessdate={19 set. 2018}
}

@misc{ABBwiki,
 title   ={Árvore binária de busca - Wikipedia},
 url     ={https://pt.wikipedia.org/wiki/Árvore_binária_de_busca},
 organization={Wikipedia},
 urlaccessdate={19 set. 2018}
}